<record><leader>00000cas a22000007a 4500</leader><controlfield tag="001">12828785</controlfield><controlfield tag="008">851121d18641865ohuwr ne      0    0eng  </controlfield><datafield ind1=" " ind2=" " tag="010"><subfield code="a">sn 85042751 </subfield></datafield><datafield ind1=" " ind2=" " tag="040"><subfield code="a">DLC</subfield><subfield code="b">eng</subfield><subfield code="c">DLC</subfield><subfield code="d">ONP</subfield><subfield code="d">DLC</subfield><subfield code="d">ONP</subfield><subfield code="d">NVF</subfield><subfield code="d">OCL</subfield><subfield code="d">OCLCQ</subfield><subfield code="d">OCLCO</subfield><subfield code="d">OCLCQ</subfield><subfield code="d">OCLCF</subfield></datafield><datafield ind1="1" ind2=" " tag="029"><subfield code="a">AU@</subfield><subfield code="b">000020235276</subfield></datafield><datafield ind1=" " ind2=" " tag="042"><subfield code="a">msc</subfield></datafield><datafield ind1=" " ind2=" " tag="043"><subfield code="a">n-us-oh</subfield></datafield><datafield ind1="0" ind2="0" tag="050"><subfield code="a">Newspaper 9332</subfield></datafield><datafield ind1="0" ind2="0" tag="245"><subfield code="a">Weekly Springfield republic.</subfield></datafield><datafield ind1=" " ind2=" " tag="260"><subfield code="a">Springfield, Ohio :</subfield><subfield code="b">William T. Cogeshall,</subfield><subfield code="c">-1865.</subfield></datafield><datafield ind1=" " ind2=" " tag="300"><subfield code="a">v.</subfield></datafield><datafield ind1=" " ind2=" " tag="310"><subfield code="a">Weekly</subfield></datafield><datafield ind1="1" ind2=" " tag="362"><subfield code="a">Began with Mar. 10 or 17, 1864 issue.</subfield></datafield><datafield ind1="0" ind2=" " tag="362"><subfield code="a">-new ser., v. 2, no. 7 (Feb. 9, 1865).</subfield></datafield><datafield ind1=" " ind2=" " tag="500"><subfield code="a">Republican.</subfield></datafield><datafield ind1=" " ind2=" " tag="515"><subfield code="a">Issue for Mar. 17, 1864 has transposed date and issue no.</subfield></datafield><datafield ind1=" " ind2=" " tag="515"><subfield code="a">New ser., v. 1-2 called also old ser., v. 25.</subfield></datafield><datafield ind1=" " ind2=" " tag="580"><subfield code="a">Triweekly ed.: Springfield republic (Springfield, Ohio : 1852).</subfield></datafield><datafield ind1=" " ind2=" " tag="588"><subfield code="a">Description based on: New ser., v. 1, no. 17 [i.e. 12] (Mar. 12 [i.e. 17], 1864).</subfield></datafield><datafield ind1=" " ind2="0" tag="651"><subfield code="a">Springfield (Ohio)</subfield><subfield code="v">Newspapers.</subfield></datafield><datafield ind1=" " ind2="0" tag="651"><subfield code="a">Clark County (Ohio)</subfield><subfield code="v">Newspapers.</subfield></datafield><datafield ind1=" " ind2="7" tag="655"><subfield code="a">Newspapers.</subfield><subfield code="2">fast</subfield><subfield code="0">(OCoLC)fst01423814</subfield></datafield><datafield ind1=" " ind2="7" tag="651"><subfield code="a">Ohio</subfield><subfield code="z">Clark County.</subfield><subfield code="2">fast</subfield><subfield code="0">(OCoLC)fst01206462</subfield></datafield><datafield ind1=" " ind2="7" tag="651"><subfield code="a">Ohio</subfield><subfield code="z">Springfield.</subfield><subfield code="2">fast</subfield><subfield code="0">(OCoLC)fst01219897</subfield></datafield><datafield ind1=" " ind2=" " tag="752"><subfield code="a">United States</subfield><subfield code="b">Ohio</subfield><subfield code="c">Clark</subfield><subfield code="d">Springfield.</subfield></datafield><datafield ind1="1" ind2=" " tag="775"><subfield code="t">Springfield republic (Springfield, Ohio : 1852)</subfield><subfield code="w">(DLC)sn 85026265</subfield></datafield><datafield ind1="0" ind2="0" tag="780"><subfield code="t">Springfield weekly republic (Springfield, Ohio : 1860)</subfield><subfield code="w">(DLC)sn 85042750</subfield></datafield><datafield ind1="0" ind2="7" tag="785"><subfield code="t">Springfield weekly news</subfield><subfield code="w">(DLC)sn 87076909</subfield></datafield><datafield ind1="0" ind2="7" tag="785"><subfield code="t">Springfield news and republic</subfield><subfield code="w">(DLC)sn 85026266</subfield></datafield></record>